<?xml version="1.0" encoding="UTF-8"?><collection xmlns="http://www.loc.gov/MARC21/slim"><record><leader>00469nam--2200181-i-4500</leader><controlfield tag="001">000006580</controlfield><controlfield tag="002">20161230</controlfield><controlfield tag="005">20161230201026</controlfield><controlfield tag="008">060222s1000------------r-----000-0-eng-d</controlfield><datafield ind1=" " ind2=" " tag="040"><subfield code="a">IFIN-HH</subfield></datafield><datafield ind1=" " ind2=" " tag="080"><subfield code="a">541:519.4</subfield></datafield><datafield ind1="1" ind2=" " tag="100"><subfield code="a">Cotton, Albert F</subfield></datafield><datafield ind1="1" ind2="0" tag="245"><subfield code="a">Chemical applications of group theory</subfield><subfield code="c">Albert f. cotton</subfield></datafield><datafield ind1=" " ind2=" " tag="250"><subfield code="a">Second Edition</subfield></datafield><datafield ind1=" " ind2=" " tag="260"><subfield code="a">New York</subfield><subfield code="b">Interscience</subfield><subfield code="c">1963</subfield></datafield><datafield ind1=" " ind2=" " tag="300"><subfield code="a">IX+295P</subfield></datafield><datafield ind1=" " ind2=" " tag="852"><subfield code="a">35549</subfield><subfield code="c">541</subfield></datafield><datafield ind1=" " ind2=" " tag="CAT"><subfield code="a">Sys</subfield><subfield code="c">20120326</subfield><subfield code="h">120713</subfield></datafield></record></collection>